%% This BibTeX bibliography file was created using BibDesk.
%% http://bibdesk.sourceforge.net/


%% Created for Sami Kanza  at 2012-04-20 17:09:46 +0100 


%% Saved with string encoding Unicode (UTF-8) 



@electronic{drawsomething,
	Date-Added = {2012-04-20 14:13:55 +0000},
	Date-Modified = {2012-04-20 14:14:02 +0000},
	Title = {http://www.mobyaffiliates.com/blog/draw-something-usage-statistics-and-revenues}}

@electronic{adverts,
	Date-Added = {2012-04-20 13:59:42 +0000},
	Date-Modified = {2012-04-20 13:59:50 +0000},
	Title = {http://venturebeat.com/2010/03/18/four-ways-to-make-money-selling-free-mobile-apps/}}

@electronic{costa,
	Date-Added = {2012-04-20 10:58:07 +0000},
	Date-Modified = {2012-04-20 10:58:14 +0000},
	Title = {http://www.guardian.co.uk/business/2011/oct/18/costa-coffee-whitbread-premier-inns}}

@electronic{starbucks,
	Date-Added = {2012-04-20 10:57:43 +0000},
	Date-Modified = {2012-04-20 10:57:58 +0000},
	Title = {http://www.guardian.co.uk/business/2011/dec/01/starbucks-coffee-business-jobs}}

@electronic{EnergyDrink,
	Date-Added = {2012-03-22 00:37:21 +0000},
	Date-Modified = {2012-03-22 00:37:25 +0000},
	Title = {http://www.livestrong.com/article/296806-energy-drink-nutritional-values/}}

@electronic{TeaCoffee,
	Date-Added = {2012-03-22 00:37:06 +0000},
	Date-Modified = {2012-03-22 00:37:14 +0000},
	Title = {http://www.food.gov.uk/science/surveillance/fsis2004branch/fsis5304}}

@electronic{Coke,
	Date-Added = {2012-03-22 00:36:53 +0000},
	Date-Modified = {2012-03-22 00:36:59 +0000},
	Title = {http://www.energyfiend.com/caffeine-content/coca-cola-classic}}

@electronic{SDKAllOS,
	Date-Added = {2012-03-22 00:36:40 +0000},
	Date-Modified = {2012-03-22 00:36:47 +0000},
	Title = {http://developer.android.com/sdk/installing.html}}

@electronic{Eclipse,
	Date-Added = {2012-03-22 00:36:28 +0000},
	Date-Modified = {2012-03-22 00:36:32 +0000},
	Title = {http://www.eclipse.org/}}

@electronic{AndroidSDK,
	Date-Added = {2012-03-22 00:36:15 +0000},
	Date-Modified = {2012-03-22 00:36:22 +0000},
	Title = {http://developer.android.com/sdk/index.html}}

@electronic{Android,
	Date-Added = {2012-03-22 00:36:01 +0000},
	Date-Modified = {2012-03-22 00:36:08 +0000},
	Title = {http://developer.android.com/index.html}}

@electronic{SparqlEndpoint,
	Date-Added = {2012-03-22 00:35:37 +0000},
	Date-Modified = {2012-03-22 00:35:49 +0000},
	Title = {http://semanticweb.org/wiki/SPARQL\_endpoint}}

@electronic{SotonSparql,
	Date-Added = {2012-03-22 00:35:23 +0000},
	Date-Modified = {2012-03-22 00:35:31 +0000},
	Title = {http://sparql.data.southampton.ac.uk/}}

@electronic{DataSouthampton,
	Date-Added = {2012-03-22 00:34:44 +0000},
	Date-Modified = {2012-03-22 00:35:13 +0000},
	Title = {http://data.southampton.ac.uk/},
	Url = {http://data.southampton.ac.uk/},
	Bdsk-Url-1 = {http://data.southampton.ac.uk/}}
