%% This BibTeX bibliography file was created using BibDesk.
%% http://bibdesk.sourceforge.net/


%% Created for Sami Kanza  at 2012-04-26 18:05:52 +0100 


%% Saved with string encoding Unicode (UTF-8) 



@electronic{solution2,
	Date-Added = {2012-04-26 17:05:47 +0000},
	Date-Modified = {2012-04-26 17:05:52 +0000},
	Title = {http://code.google.com/p/google-plugin-for-eclipse/issues/detail?id=46}}

@electronic{solution,
	Date-Added = {2012-04-26 17:00:19 +0000},
	Date-Modified = {2012-04-26 17:00:23 +0000},
	Title = {http://code.google.com/p/googleappengine/issues/detail?id=6928}}

@electronic{AppEngine,
	Date-Added = {2012-04-26 15:59:16 +0000},
	Date-Modified = {2012-04-26 15:59:37 +0000},
	Title = {https://developers.google.com/eclipse/docs/appengine\_connected\_android}}

@electronic{smartphone,
	Date-Added = {2012-04-26 13:10:34 +0000},
	Date-Modified = {2012-04-26 13:10:39 +0000},
	Title = {http://mashable.com/2011/07/28/nielsen-mobile-stats-june-11/}}

@electronic{AppleDownload,
	Date-Added = {2012-04-26 13:10:34 +0000},
	Date-Modified = {2012-04-26 13:10:39 +0000},
	Title = {http://www.apple.com/itunes/25-billion-app-countdown/}}

@electronic{popular,
	Date-Added = {2012-04-26 12:14:30 +0000},
	Date-Modified = {2012-04-26 12:14:36 +0000},
	Title = {http://www.passionforcoffee.com/background/overview/}}

@electronic{misuse,
	Date-Added = {2012-04-26 10:58:55 +0000},
	Date-Modified = {2012-04-26 10:58:59 +0000},
	Title = {http://www.drugfree.org/drug-guide/caffeine}}

@electronic{Popularity,
	Date-Added = {2012-04-26 10:51:52 +0000},
	Date-Modified = {2012-04-26 10:51:57 +0000},
	Title = {http://www.directlyfitness.com/2011/ultimate-caffeine-guide/}}

@electronic{calendar,
	Date-Added = {2012-04-23 16:32:43 +0000},
	Date-Modified = {2012-04-23 16:32:48 +0000},
	Title = {http://android-developers.blogspot.co.uk/2011/10/ics-and-non-public-apis.html}}

@electronic{gamification2,
	Date-Added = {2012-04-23 16:31:55 +0000},
	Date-Modified = {2012-04-23 16:32:00 +0000},
	Title = {http://edition.cnn.com/2010/TECH/web/09/30/web.checkin.onetruefan/}}

@electronic{gamification1,
	Date-Added = {2012-04-23 16:31:00 +0000},
	Date-Modified = {2012-04-23 16:31:10 +0000},
	Title = {http://enterprise-gamification.com/index.php/facts}}

@electronic{monetisiation,
	Date-Added = {2012-04-23 16:19:52 +0000},
	Date-Modified = {2012-04-23 16:28:04 +0000},
	Title = {http://www.distimo.com/blog/2011\_05\_in-depth-view-on-download-volumes-in-the-google-android-market}}

@electronic{scrum,
	Date-Added = {2012-04-23 12:41:43 +0000},
	Date-Modified = {2012-04-23 12:41:51 +0000},
	Title = {http://www.scrum.org/}}

@article{CaffeinePharmacy,
	Date-Added = {2012-04-23 10:16:31 +0000},
	Date-Modified = {2012-04-23 10:22:26 +0000},
	Journal = {Pharmacological Reviews},
	Month = {March 1},
	Number = {1},
	Pages = {83-133},
	Title = {{Actions of Caffeine in the Brain with Special Reference to Factors That Contribute to Its Widespread Use}},
	Volume = {51},
	Year = {1999}}

@article{CaffeinePharmacology,
	Author = {Arnaud. M, J},
	Date-Added = {2012-04-23 10:11:48 +0000},
	Date-Modified = {2012-04-23 10:13:10 +0000},
	Journal = {Prog Drug Res},
	Pages = {273-313},
	Title = {{The Pharmacology of Caffeine}},
	Volume = {31},
	Year = {1987}}

@misc{HalfLife,
	Author = {Wikipedia},
	Date-Modified = {2012-04-23 10:09:44 +0000},
	Note = {[Online; accessed 23-April-2012]},
	Title = {Half-life --- Wikipedia{,} The Free Encyclopedia},
	Url = {http://en.wikipedia.org/w/index.php?title=Half-life&oldid=487915983},
	Year = {2012},
	Bdsk-Url-1 = {http://en.wikipedia.org/w/index.php?title=Half-life&oldid=487915983}}

@article{CaffeineZoneInfo,
	Date-Added = {2012-04-23 09:58:27 +0000},
	Date-Modified = {2012-04-23 10:01:02 +0000},
	Journal = {Penn State},
	Month = {February},
	Title = {Best Time for a Coffee Break? There's an App for That},
	Year = {2012}}

@electronic{drawsomething,
	Date-Added = {2012-04-20 14:13:55 +0000},
	Date-Modified = {2012-04-20 14:14:02 +0000},
	Title = {http://www.mobyaffiliates.com/blog/draw-something-usage-statistics-and-revenues}}

@electronic{adverts,
	Date-Added = {2012-04-20 13:59:42 +0000},
	Date-Modified = {2012-04-20 13:59:50 +0000},
	Title = {http://venturebeat.com/2010/03/18/four-ways-to-make-money-selling-free-mobile-apps/}}

@electronic{costa,
	Date-Added = {2012-04-20 10:58:07 +0000},
	Date-Modified = {2012-04-20 10:58:14 +0000},
	Title = {http://www.guardian.co.uk/business/2011/oct/18/costa-coffee-whitbread-premier-inns}}

@electronic{starbucks,
	Date-Added = {2012-04-20 10:57:43 +0000},
	Date-Modified = {2012-04-20 10:57:58 +0000},
	Title = {http://www.guardian.co.uk/business/2011/dec/01/starbucks-coffee-business-jobs}}

@electronic{EnergyDrink,
	Date-Added = {2012-03-22 00:37:21 +0000},
	Date-Modified = {2012-03-22 00:37:25 +0000},
	Title = {http://www.livestrong.com/article/296806-energy-drink-nutritional-values/}}

@electronic{TeaCoffee,
	Date-Added = {2012-03-22 00:37:06 +0000},
	Date-Modified = {2012-03-22 00:37:14 +0000},
	Title = {http://www.food.gov.uk/science/surveillance/fsis2004branch/fsis5304}}

@electronic{Coke,
	Date-Added = {2012-03-22 00:36:53 +0000},
	Date-Modified = {2012-03-22 00:36:59 +0000},
	Title = {http://www.energyfiend.com/caffeine-content/coca-cola-classic}}

@electronic{SDKAllOS,
	Date-Added = {2012-03-22 00:36:40 +0000},
	Date-Modified = {2012-03-22 00:36:47 +0000},
	Title = {http://developer.android.com/sdk/installing.html}}

@electronic{Eclipse,
	Date-Added = {2012-03-22 00:36:28 +0000},
	Date-Modified = {2012-03-22 00:36:32 +0000},
	Title = {http://www.eclipse.org/}}

@electronic{iOS,
	Date-Added = {2012-03-22 00:36:28 +0000},
	Date-Modified = {2012-03-22 00:36:32 +0000},
	Title = {https://developer.apple.com/library/ios/documentation/Xcode/Conceptual/ios\_development\_workflow/20-Building\_and\_Running\_Applications/building\_and\_running\_applications.html}}

@electronic{AndroidDownload,
	Date-Added = {2012-03-22 00:36:15 +0000},
	Date-Modified = {2012-03-22 00:36:22 +0000},
	Title = {http://www.androidcentral.com/google-officially-announces-10-billion-app-downloads-more-10-cent-apps-come}}

@electronic{objectivec,
	Date-Added = {2012-03-22 00:36:15 +0000},
	Date-Modified = {2012-03-22 00:36:22 +0000},
	Title = {https://developer.apple.com/devcenter/ios/index.action}}

@electronic{AndroidSDK,
	Date-Added = {2012-03-22 00:36:15 +0000},
	Date-Modified = {2012-03-22 00:36:22 +0000},
	Title = {http://developer.android.com/sdk/index.html}}

@electronic{Android,
	Date-Added = {2012-03-22 00:36:01 +0000},
	Date-Modified = {2012-03-22 00:36:08 +0000},
	Title = {http://developer.android.com/index.html}}

@electronic{SparqlEndpoint,
	Date-Added = {2012-03-22 00:35:37 +0000},
	Date-Modified = {2012-03-22 00:35:49 +0000},
	Title = {http://semanticweb.org/wiki/SPARQL\_endpoint}}

@electronic{SotonSparql,
	Date-Added = {2012-03-22 00:35:23 +0000},
	Date-Modified = {2012-03-22 00:35:31 +0000},
	Title = {http://sparql.data.southampton.ac.uk/}}

@electronic{DataSouthampton,
	Date-Added = {2012-03-22 00:34:44 +0000},
	Date-Modified = {2012-03-22 00:35:13 +0000},
	Title = {http://data.southampton.ac.uk/},
	Url = {http://data.southampton.ac.uk/},
	Bdsk-Url-1 = {http://data.southampton.ac.uk/}}
